% This file was created with JabRef 2.6.
% Encoding: UTF8

@ARTICLE{Krogmann2006,
  author = {F. Krogmann, W. Mö̈nch and H. Zappe},
  title = {A MEMS-based variable micro-lens system},
  journal = {Journal of Optics},
  year = {2006},
  volume = {8},
  pages = {330-336},
  owner = {antonkloss},
  timestamp = {2011.01.06}
}

@PHDTHESIS{Krogmann2008,
  author = {F. Krogmann},
  title = {Tunable liquid micro-optical systems based on electrowetting},
  school = {Universität Freiburg},
  year = {2008},
  owner = {antonkloss},
  timestamp = {2010.10.30}
}

@ARTICLE{Mueller2010,
  author = {P. Müller and N. Spengler and H. Zappe and W. Mönch},
  title = {An Optofluidic Concept for a Tunable Micro-iris},
  journal = {Journal of Microelectromechanical Systems},
  year = {2010},
  owner = {antonkloss},
  timestamp = {2010.12.25}
}

@BOOK{zappe2010,
  title = {Fundamentals of Micro-optics},
  publisher = {Cambridge University Press},
  year = {2010},
  author = {Zappe, Hans},
  owner = {Michael Theodor},
  timestamp = {2011.10.18}
}

@comment{jabref-meta: selector_publisher:}

@comment{jabref-meta: selector_author:}

@comment{jabref-meta: selector_journal:}

@comment{jabref-meta: selector_keywords:}

